@article{price-58,
  author = {Price, Robert},
  journal = {IEEE Transactions on Information Theory},
  number = 2,
  pages = {69-72},
  title = {A useful theorem for nonlinear devices having {G}aussian inputs.},
  volume = 4,
  year = 1958
}
@article{bonnet-64,
author={Bonnet, G},
title={Transformations des signaux al\'eatoires a travers les syst\`emes non lin\'eaires sans m\'emoire},
journal={Annales des T\'el\'ecommunications},
volume = {19},
number={9-10},
pages={203-220},
year={1964}
}

