@incollection{hensman-et-al-nips-2015,
title = {{MCMC} for Variationally Sparse {G}aussian Processes},
author = {Hensman, James and Matthews, Alexander G and Filippone, Maurizio and Ghahramani, Zoubin},
booktitle = {{NIPS}},
year = {2015},
}


@inproceedings{le-et-al-icml-2013,
title = {Fastfood - Approximating Kernel Expansions in Loglinear Time},
author  = {Quoc Le and Tamas Sarlos and Alex Smola},
year  = 2013,
URL = {http://jmlr.org/proceedings/papers/v28/le13.html},
booktitle = {30th International Conference on Machine Learning (ICML)}
}

@incollection{dezfouli-bonilla-nips-2015,
title = {Scalable Inference for Gaussian Process Models with Black-Box Likelihoods},
author = {Dezfouli, Amir and Bonilla, Edwin V},
booktitle = {{NIPS}},
year = {2015},
}

@inproceedings{Geist2010,
  title={Statistically linearized recursive least squares},
  author={Geist, Matthieu and Pietquin, Olivier},
  booktitle={IEEE International Workshop on Machine Learning for Signal Processing },
  year={2010},
}
@ARTICLE{Julier2004,
    author={Julier, S.J. and Uhlmann, J.K.},
    journal={Proceedings of the IEEE},
    title={Unscented filtering and nonlinear estimation},
    year={2004},
    month={Mar},
    volume={92},
    number={3},
    pages={401-422},
}


@incollection{rahimi-recht-nips-2008,
title = {Weighted Sums of Random Kitchen Sinks: Replacing minimization with randomization in learning},
author = {Ali Rahimi and Benjamin Recht},
booktitle = {NIPS},
year = {2009},
}


@incollection{rahimi-recht-nips-2007,
title = {Random Features for Large-Scale Kernel Machines},
author = {Ali Rahimi and Benjamin Recht},
booktitle = {NIPS},
year = {2008},
}


@incollection{steinberg-bonilla-nips-2014,
title = {Extended and Unscented {G}aussian Processes},
author = {Steinberg, Daniel M and Bonilla, Edwin V},
booktitle = {NIPS},
year = {2014},
}


@inproceedings{yang-et-al-aistats-2015,
  author    = {Zichao Yang and
               Andrew Gordon Wilson and
               Alexander J. Smola and
               Le Song},
  title     = {\'A la Carte - Learning Fast Kernels},
  booktitle = {AISTATS},
    year={2015}
}

@inproceedings{hensman-et-al-aistats-2015,
  title={Scalable Variational {G}aussian Process Classification},
  author={James Hensman and Alexander Matthews and Zoubin Ghahramani},
  booktitle={AISTATS},
  year={2015}
}

@incollection{gal-et-al-nips-2014,
title = {Distributed Variational Inference in Sparse {G}aussian Process Regression and Latent Variable Models},
author = {Gal, Yarin and van der Wilk, Mark and Rasmussen, Carl},
booktitle = {NIPS},
year = {2014},
}


@inproceedings{nguyen-bonilla-uai-2014,
  author = {Nguyen, Van Trung and Bonilla, Edwin},
  year = {2014},
  booktitle = {UAI},
  title = {Collaborative Multi-output {G}aussian Processes}
}

@inproceedings{domingos-et-al-aaai-2006,
 author = {Domingos, Pedro and Kok, Stanley and Poon, Hoifung and Richardson, Matthew and Singla, Parag},
 title = {Unifying Logical and Statistical {AI}},
 booktitle = {AAAI},
 year = {2006},
} 

@article{hoffman-gelman-jmlr-2014,
  author    = {Matthew D. Hoffman and
               Andrew Gelman},
  title     = {The No-U-turn sampler: adaptively setting path lengths in {H}amiltonian
               {M}onte {C}arlo},
  journal   = {JMLR},
  volume    = {15},
  number    = {1},
  pages     = {1593--1623},
  year      = {2014},
}

@INPROCEEDINGS{goodman-et-al-2008,
    author = {Noah D. Goodman and Vikash K. Mansinghka and Daniel M. Roy and Keith Bonawitz and Joshua B. Tenenbaum},
    title = {Church: A language for generative models},
    booktitle = {UAI},
    year = {2008},
}




@incollection{nguyen-bonilla-nips-2015,
title = {Automated Variational Inference for {G}aussian Process Models},
author = {Nguyen, Trung V and Bonilla, Edwin V},
booktitle = {NIPS},
year = {2014},
}




@article{gelman1992inference,
  title={Inference from iterative simulation using multiple sequences},
  author={Gelman, Andrew and Rubin, Donald B},
  journal={Statistical science},
  pages={457--472},
  year={1992},
  publisher={JSTOR}
}

@article{casella1996rao,
  title={Rao-{B}lackwellisation of sampling schemes},
  author={Casella, George and Robert, Christian P.},
  journal={Biometrika},
  year={1996},
  publisher={Biometrika Trust}
}

@book{ross2002,
	Author = {Sheldon M Ross},
	Publisher = {Elsevier},
	Title = {Simulation},
	Year = {2002}
}

@article{rue2009approximate,
  title={Approximate {B}ayesian inference for latent {G}aussian models by using integrated nested {L}aplace approximations},
  author={Rue, H{\aa}vard and Martino, Sara and Chopin, Nicolas},
  journal={Journal of the royal statistical society: Series b (statistical methodology)},
  volume={71},
  number={2},
  pages={319--392},
  year={2009},
  publisher={Wiley Online Library}
}

@inproceedings{lazaro2011variational,
  title={Variational heteroscedastic {G}aussian process regression},
  author={L{\'a}zaro-Gredilla, Miguel and Titsias, Michalis},
  booktitle={ICML},
  year={2011},
}

@article{girolami2006variational,
  title={Variational {B}ayesian multinomial probit regression with {G}aussian process priors},
  author={Girolami, Mark and Rogers, Simon},
  journal={Neural Computation},
  volume={18},
  number={8},
  pages={1790--1817},
  year={2006},
  publisher={MIT Press}
}

@inproceedings{lazaro2012bayesian,
  title={{B}ayesian warped {G}aussian processes},
  author={L{\'a}zaro-Gredilla, Miguel},
  booktitle={NIPS},
  pages={1628--1636},
  year={2012}
}

@inproceedings{khan2012fast,
  title={Fast {B}ayesian inference for non-conjugate {G}aussian process regression},
  author={Khan, Mohammad E. and Mohamed, Shakir and Murphy, Kevin P.},
  booktitle={NIPS},
  pages={3149--3157},
  year={2012}
}

@techreport{neal1993probabilistic,
  title={Probabilistic inference using {M}arkov chain {M}onte {C}arlo methods},
  author={Neal, Radford M.},
  year={1993},
  institution={Department of Computer Science, University of Toronto}
}

@article{duane1987hybrid,
  title={Hybrid {M}onte {C}arlo},
  author={Duane, Simon and Kennedy, Anthony D. and Pendleton, Brian J. and Roweth, Duncan},
  journal={Physics letters B},
  volume={195},
  number={2},
  pages={216--222},
  year={1987},
  publisher={Elsevier}
}

@inproceedings{khan2012stick,
  title={A stick-breaking likelihood for categorical data analysis with latent {G}aussian models},
  author={Khan, Mohammad E. and Mohamed, Shakir and Marlin, Benjamin M. and Murphy, Kevin P.},
  booktitle={AISTATS},
  pages={610--618},
  year={2012}
}

@misc{uci2013,
author = "K. Bache and M. Lichman",
year = "2013",
title = "{UCI} Machine Learning Repository",
url = "http://archive.ics.uci.edu/ml",
institution = "University of California, Irvine, School of Information and Computer Sciences"
 }

@article{cole2000modelling,
  title={Modelling creep rupture strength of ferritic steel welds},
  author={Cole, D. and Martin-Moran, C. and Sheard, A.G. and Bhadeshia, H.K.D.H. and MacKay, D.J.C.},
  journal={Science and Technology of Welding \& Joining},
  volume={5},
  number={2},
  pages={81--89},
  year={2000},
}

@article{mangasarian1995breast,
  title={Breast cancer diagnosis and prognosis via linear programming},
  author={Mangasarian, Olvi L. and Street, W. Nick and Wolberg, William H.},
  journal={Operations Research},
  volume={43},
  number={4},
  pages={570--577},
  year={1995}
}

@article{harrison1978hedonic,
  title={Hedonic housing prices and the demand for clean air},
  author={Harrison Jr, David and Rubinfeld, Daniel L},
  journal={Journal of environmental economics and management},
  volume={5},
  number={1},
  pages={81--102},
  year={1978}
}

@article{jarrett1979note,
  title={A note on the intervals between coal-mining disasters},
  author={Jarrett, R.G.},
  journal={Biometrika},
  volume={66},
  number={1},
  pages={191--193},
  year={1979}
}

@inproceedings{murray2009elliptical,
  title={Elliptical slice sampling},
  author={Murray, Iain and Adams, Ryan Prescott and MacKay, David J.C.},
 booktitle={AISTATS},
  year={2010}
}

@article{williams1998bayesian,
  title={{B}ayesian classification with {G}aussian processes},
  author={Williams, Christopher K.I. and Barber, David},
  journal={Pattern Analysis and Machine Intelligence, IEEE Transactions on},
  volume={20},
  number={12},
  pages={1342--1351},
  year={1998},
  publisher={IEEE}
}

@inproceedings{snelson2003warped,
  title={Warped {G}aussian processes},
  author={Snelson, Edward and Rasmussen, Carl Edward and Ghahramani, Zoubin},
  booktitle={NIPS},
  year={2003}
}

@article{moller1998log,
  title={Log {G}aussian {C}ox processes},
  author={M{\o}ller, Jesper and Syversveen, Anne Randi and Waagepetersen, Rasmus Plenge},
  journal={Scandinavian journal of statistics},
  volume={25},
  number={3},
  pages={451--482},
  year={1998},
  publisher={Wiley Online Library}
}

@article{nickisch2008approximations,
  title={Approximations for binary {G}aussian process classification},
  author={Nickisch, Hannes and Rasmussen, Carl Edward},
  journal={JMLR},
  volume={9},
  number={10},
  year={2008}
}

@article{wingate2013automated,
  title={Automated variational inference in probabilistic programming},
  author={Wingate, David and Weber, Theophane},
  journal={arXiv preprint arXiv:1301.1299},
  year={2013}
}

@inproceedings{ranganath2014black,
  title={Black box variational inference},
  author={Ranganath, Rajesh and Gerrish, Sean and Blei, David M.},
 booktitle={AISTATS},
  year={2014}
}

@inproceedings{chai2008multi,
  title={Multi-task {G}aussian Process Learning of Robot Inverse Dynamics.},
  author={Chai, Kian Ming Adam and Williams, Christopher KI and Klanke, Stefan and Vijayakumar, Sethu},
  booktitle={NIPS},
  pages={265--272},
  year={2008}
}

@inproceedings{nguyen2013efficient,
  title={Efficient variational inference for {G}aussian Process regression networks},
  author={Nguyen, Trung V. and Bonilla, Edwin},
  booktitle={AISTATS},
  pages={472-480},
  year={2013}
}
@inproceedings{hensman2012fast,
  author = {Hensman, James and Rattray, Magnus and Lawrence, Neil D.},
  booktitle = {NIPS},
  pages = {2897-2905},
  title = {Fast Variational Inference in the Conjugate Exponential Family.},
  year = 2012
}

@inproceedings{vijayakumar2000locally,
  title={Locally weighted projection regression: An {O}(n) algorithm for incremental real time learning in high dimensional space},
  author={Vijayakumar, Sethu and Schaal, Stefan},
  booktitle={ICML},
  year={2000}
}

@inproceedings{osborne2008towards,
  title={Towards real-time information processing of sensor network data using computationally efficient multi-output {G}aussian processes},
  author={Osborne, Michael A and Roberts, Stephen J and Rogers, Alex and Ramchurn, Sarvapali D and Jennings, Nicholas R},
  booktitle={Proceedings of the 7th international conference on Information processing in sensor networks},
  year={2008},
}

@inproceedings{alvarez2010efficient,
Author    = {Mauricio A. {\'A}lvarez and
               David Luengo and
               Michalis K. Titsias and
               Neil D. Lawrence},
  title     = {Efficient Multioutput {G}aussian Processes through Variational  Inducing Kernels},
  booktitle = {AISTATS},
  year      = {2010},
}

@book{rasmussen-williams-book,
	Author = {Carl Edward Rasmussen and Christopher K. I. Williams},
	Publisher = {The MIT Press},
	Title = {{G}aussian processes for machine learning},
	Year = {2006}
}

@inproceedings{teh-et-al-aistats-05,
  title ={Semiparametric Latent Factor Models},
  author = {Yee Whye Teh and Matthias Seeger and Michael I. Jordan},
  booktitle = {AISTATS},
  year = {2005},
}

@article{tresp-00,
  author = {Volker Tresp},
  title = {A {B}ayesian Committee Machine},
  journal = {Neural Computation},
  year={2000},
  booktitle={Neural Computation}
}

@inproceedings{chou-02,
    author = {Arindam Choudhury and Prasanth B. Nair and Andy J. Keane},
    title = {A Data Parallel Approach for Large-Scale {G}aussian Process Modeling},
    booktitle = {Second SIAM International Conference on Data Mining},
    year = {2002}
}

@inproceedings{chen09,
  author = {Tao Chen and Jianghong Ren},
  title = {Bagging for {G}aussian Process Regression},
  booktitle = {Neurocomputing 72, no.7},
 year = {2009}
}

@inproceedings{urtasun08,
  title={Sparse probabilistic regression for activity-independent human pose inference},
  author={Urtasun, R. and Darrell, T.},
  booktitle={Computer Vision and Pattern Recognition, 2008. CVPR 2008. IEEE Conference on},
  pages={1--8},
  year={2008},
  organization={IEEE}
}

@article{park11,
  title={Domain decomposition approach for fast {G}aussian process regression of large spatial data sets},
  author={Park, C. and Huang, J.Z. and Ding, Y.},
  journal={Journal of Machine Learning Research},
  volume={12},
  pages={1697--1728},
  year={2011}
}

@InProceedings{wilson-et-al-icml-12,
  title =     {{G}aussian process regression networks},
  author =    {Andrew G. Wilson and David A. Knowles and Zoubin Ghahramani},
  booktitle = {ICML},
  year =      {2012}
}

@article{quinonero2005unifying,
  title={A unifying view of sparse approximate {G}aussian process regression},
  author={Qui{\~n}onero-Candela, Joaquin and Rasmussen, Carl Edward},
  journal={JMLR},
  volume={6},
  pages={1939--1959},
  year={2005},
}

@inproceedings{snelson2006sparse,
  title={Sparse {G}aussian processes using pseudo-inputs},
  author={Snelson, Ed and Ghahramani, Zoubin},
  booktitle={NIPS},
  year={2006}
}

@inproceedings{lawrence2002fast,
  title={Fast sparse {G}aussian process methods: The informative vector machine},
  author={Lawrence, Neil D and Seeger, Matthias and Herbrich, Ralf},
  booktitle={NIPS},
  pages={609--616},
  year={2002}
}

@inproceedings{smola2001sparse,
  title={Sparse greedy {G}aussian process regression},
  author={Smola, Alex J and Bartlett, Peter},
  booktitle={Advances in Neural Information Processing Systems 13},
  year={2001},
}

@inproceedings{keerthi2006matching,
  title={A matching pursuit approach to sparse {G}aussian process regression},
  author={Keerthi, Sathiya and Chu, Wei},
  booktitle={Advances in neural information processing systems},
  volume={18},
  pages={643},
  year={2006},
  publisher={MIT; 1998}
}

@inproceedings{seeger2003fast,
  title={Fast forward selection to speed up sparse {G}aussian process regression},
  author={Seeger, Matthias and Williams, Christopher KI and Lawrence, Neil D},
  booktitle={AISTATS},
  volume={9},
  pages={2003},
  year={2003}
}

@article{tax1999support,
  title={Support vector domain description},
  author={Tax, David MJ and Duin, Robert PW},
  journal={Pattern Recognition Letters},
  volume={20},
  number={11},
  pages={1191--1199},
  year={1999},
  publisher={Elsevier}
}

@article{tsang2006generalized,
  title={Generalized core vector machines},
  author={Tsang, Ivor Wai-Hung and Kwok, James Tin-Yau and Zurada, JA},
  journal={Neural Networks, IEEE Transactions on},
  volume={17},
  number={5},
  pages={1126--1140},
  year={2006},
  publisher={IEEE}
}

@article{deng2008frsde,
  title={FRSDE: Fast reduced set density estimator using minimal enclosing ball approximation},
  author={Deng, Zhaohong and Chung, Fu-Lai and Wang, Shitong},
  journal={Pattern Recognition},
  volume={41},
  number={4},
  pages={1363--1372},
  year={2008},
  publisher={Elsevier}
}

@article{girolami2003probability,
  title={Probability density estimation from optimally condensed data samples},
  author={Girolami, Mark and He, Chao},
  journal={Pattern Analysis and Machine Intelligence, IEEE Transactions on},
  volume={25},
  number={10},
  pages={1253--1264},
  year={2003},
  publisher={IEEE}
}

@article{kumar2003approximate,
  title={Approximate minimum enclosing balls in high dimensions using core-sets},
  author={Kumar, Piyush and Mitchell, Joseph SB and Yildirim, E Alper},
  journal={Journal of Experimental Algorithmics (JEA)},
  volume={8},
  pages={1--1},
  year={2003},
  publisher={ACM}
}



@InProceedings{gershman-et-al-icml-12,
  title =     {Nonparametric Variational Inference},
  author =    {Samuel J. Gershman and Matthew D. Hoffman and David M. Blei},
  booktitle = {ICML},
  year =      {2012}
}


@inproceedings{ihuber-et-al-2008,
  author = {Marco F. Huber and Tim Bailey and Hugh Durrant-Whyte and Uwe D. Hanebeck},
  title = {On Entropy Approximation for {G}aussian Mixture Random Vectors},
  booktitle = {IEEE International Conference on Multisensor Fusion and Integration for Intelligent Systems},
  year = {2008}
}

@article{yeh-ccc-2007,
author = {I-Cheng Yeh},
title = {Modeling slump flow of concrete using second-order regressions and artificial neural networks},
journal = {Cement and Concrete Composites},
volume = {29},
number = {3},
year = {2007},
pages = {474-480}
}

@article{snoek2012practical,
  title={Practical {B}ayesian optimization of machine learning algorithms},
  author={Snoek, Jasper and Larochelle, Hugo and Adams, Ryan P},
  journal={arXiv preprint arXiv:1206.2944},
  year={2012}
}

@article{brochu2010tutorial,
  title={A tutorial on {B}ayesian optimization of expensive cost functions, with application to active user modeling and hierarchical reinforcement learning},
  author={Brochu, Eric and Cora, Vlad M and De Freitas, Nando},
  journal={arXiv preprint arXiv:1012.2599},
  year={2010}
}

@article{srinivas2009gaussian,
  title={{G}aussian process optimization in the bandit setting: No regret and experimental design},
  author={Srinivas, Niranjan and Krause, Andreas and Kakade, Sham M and Seeger, Matthias},
  journal={arXiv preprint arXiv:0912.3995},
  year={2009}
}
@article{yuan2009variational,
  title={Variational mixture of {G}aussian process experts},
  author={Yuan, Chao and Neubauer, Claus},
  journal={Advances in Neural Information Processing Systems},
  volume={21},
  pages={1897--1904},
  year={2009},
  publisher={Citeseer}
}

@article{tresp2001mixtures,
  title={Mixtures of {G}aussian processes},
  author={Tresp, Volker},
  journal={Advances in neural information processing systems},
  pages={654--660},
  year={2001},
  publisher={MIT; 1998}
}

@article{seeger2003bayesian,
  title={{B}ayesian {G}aussian process models: PAC-{B}ayesian generalisation error bounds and sparse approximations},
  author={Seeger, Matthias},
  year={2003},
  publisher={University of Edinburgh. College of Science and Engineering. School of Informatics.}
}
@inproceedings{williams2001using,
  title={Using the Nystr{\"o}m method to speed up kernel machines},
  author={Williams, Christopher and Seeger, Matthias},
  booktitle={Advances in Neural Information Processing Systems 13},
  year={2001},
  organization={Citeseer}
}

@article{lazaro2010sparse,
  title={Sparse spectrum {G}aussian process regression},
  author={L{\'a}zaro-Gredilla, Miguel and Qui{\~n}onero-Candela, Joaquin and Rasmussen, Carl Edward and Figueiras-Vidal, An{\'\i}bal R},
  journal={The Journal of Machine Learning Research},
  volume={99},
  pages={1865--1881},
  year={2010},
  publisher={MIT Press}
}

@article{silverman1985some,
  title={Some aspects of the spline smoothing approach to non-parametric regression curve fitting},
  author={Silverman, Bernhard W},
  journal={Journal of the Royal Statistical Society. Series B (Methodological)},
  pages={1--52},
  year={1985},
  publisher={JSTOR}
}

@article{chalupka2012framework,
  title={A Framework for Evaluating Approximation Methods for {G}aussian Process Regression},
  author={Chalupka, Krzysztof and Williams, Christopher KI and Murray, Iain},
  journal={arXiv preprint arXiv:1205.6326},
  year={2012}
}

@article{rasmussen2010gaussian,
  title={{G}aussian processes for machine learning (GPML) toolbox},
  author={Rasmussen, Carl Edward and Nickisch, Hannes},
  journal={The Journal of Machine Learning Research},
  volume={11},
  pages={3011--3015},
  year={2010},
  publisher={JMLR. org}
}

@inproceedings{bertin2011million,
  title={The million song dataset},
  author={Bertin-Mahieux, Thierry and Ellis, Daniel PW and Whitman, Brian and Lamere, Paul},
  booktitle={ISMIR 2011: Proceedings of the 12th International Society for Music Information Retrieval Conference, October 24-28, 2011, Miami, Florida},
  pages={591--596},
  year={2011},
  organization={University of Miami}
}

@inproceedings{bergstra2011algorithms,
  title={Algorithms for hyper-parameter optimization},
  author={Bergstra, James and Bardenet, R{\'e}mi and Bengio, Yoshua and K{\'e}gl, Bal{\'a}zs and others},
  booktitle={25th Annual Conference on Neural Information Processing Systems (NIPS 2011)},
  year={2011}
}

@article{jones2001taxonomy,
  title={A taxonomy of global optimization methods based on response surfaces},
  author={Jones, Donald R},
  journal={Journal of global optimization},
  volume={21},
  number={4},
  pages={345--383},
  year={2001},
  publisher={Springer}
}

@article{villemonteix2009informational,
  title={An informational approach to the global optimization of expensive-to-evaluate functions},
  author={Villemonteix, Julien and Vazquez, Emmanuel and Walter, Eric},
  journal={Journal of Global Optimization},
  volume={44},
  number={4},
  pages={509--534},
  year={2009},
  publisher={Springer}
}

@article{srinivas2009gaussian,
  title={{G}aussian process optimization in the bandit setting: No regret and experimental design},
  author={Srinivas, Niranjan and Krause, Andreas and Kakade, Sham M and Seeger, Matthias},
  journal={arXiv preprint arXiv:0912.3995},
  year={2009}
}

@incollection{higdon2002space,
  title={Space and space-time modeling using process convolutions},
  author={Higdon, Dave},
  booktitle={Quantitative methods for current environmental issues},
  pages={37--56},
  year={2002},
  publisher={Springer}
}

@article{alvarez2011computationally,
  title={Computationally Efficient Convolved Multiple Output {G}aussian Processes.},
  author={{\'A}lvarez, Mauricio A and Lawrence, Neil D},
  journal={JMLR},
  volume={12},
  number={5},
  pages={1459--1500},
  year={2011}
}

@article{gelfand2004nonstationary,
  title={Nonstationary multivariate process modeling through spatially varying coregionalization},
  author={Gelfand, Alan E and Schmidt, Alexandra M and Banerjee, Sudipto and Sirmans, CF},
  journal={Test},
  volume={13},
  number={2},
  pages={263--312},
  year={2004},
  publisher={Springer}
  }

@PhdThesis{boyle2007gaussian,
author = {Phillip Boyle},
title = {{G}aussian Processes for Regression and Optimisation},
school = {Victoria University of Wellington},
year = {2007},
}

@inproceedings{hensmangaussian,
  title={{G}aussian processes for big data},
  author={Hensman, James  and Fusi, Nicolo and Lawrence, Neil D},
  booktitle={UAI},
  year = {2013},
}


}
@incollection{bonilla-et-al-nips-08,
	Author = {Edwin V. Bonilla and Kian Ming A. Chai and Christopher K. I. Williams},
	Booktitle = {NIPS},
	Title = {Multi-task {G}aussian process prediction},
	Year = {2008}
}

@incollection{boyle-frean-nips-05,
 author = {Phillip {Boyle} and Marcus {Frean}},
 title = {Dependent {G}aussian processes},
 booktitle = {NIPS},
 year = {2005},
}
@incollection{alvarez-lawrence-nips-08,
 title = {Sparse convolved {G}aussian processes for multi-output regression},
 author = {Mauricio {\'A}lvarez and Neil D Lawrence},
 booktitle = {NIPS},
 pages = {57--64},
 year = {2009}
}


@book{goovaerts-book,
	Author = {P. Goovaerts},
	Publisher = {Oxford Univ. Press},
	Title = {Geostatistics for Natural Resources Evaluation},
	Year = {1997}
}

@book{jordan1998introduction,
  title={An introduction to variational methods for graphical models},
  author={Jordan, Michael I and Ghahramani, Zoubin and Jaakkola, Tommi S and Saul, Lawrence K},
  year={1998},
  publisher={Springer}
}

@article{opper-arch-nc-2009,
 author = {Opper, Manfred and Archambeau, C{\'e}dric},
 title = {The variational {G}aussian approximation revisited},
 journal = {Neural Computation},
 volume = {21},
 number = {3},
 year = {2009},
 pages = {786--792},
 publisher = {MIT Press}
} 

@article{yeh-ccc-2007,
author = {I-Cheng Yeh},
title = {Modeling slump flow of concrete using second-order regressions and artificial neural networks},
journal = {Cement and Concrete Composites},
volume = {29},
number = {3},
year = {2007},
pages = {474-480}
}

@inproceedings{titsias2009variational,
  title={Variational learning of inducing variables in sparse {G}aussian processes},
  author={Titsias, Michalis},
 booktitle = {AISTATS},  
  year={2009}
}

@inproceedings{nguyen2014fast,
  title={Fast Allocation of {G}aussian Process Experts},
  author={Nguyen, Trung and Bonilla, Edwin},
  booktitle={ICML},
  pages={145--153},
  year={2014}
}
